@incollection{Karp1972,
author = {Karp, RM},
booktitle = {Complexity of Computer Computations},
file = {:home/mouton/Documents/Mendeley Desktop/Karp - 1972 - Reducibility among combinatorial problems.pdf:pdf},
pages = {85--103},
publisher = {Springer},
title = {{Reducibility among combinatorial problems}},
url = {http://link.springer.com/chapter/10.1007/978-1-4684-2001-2{\_}9},
year = {1972}
}
@article{Hastad1999,
author = {H{\aa}stad, Johan},
doi = {10.1007/BF02392825},
issn = {0001-5962},
journal = {Acta Mathematica},
month = {mar},
number = {1},
pages = {105--142},
publisher = {Kluwer Academic Publishers},
title = {{Clique is hard to approximate within n{\^{}}(1-$\epsilon$)}},
url = {http://link.springer.com/10.1007/BF02392825},
volume = {182},
year = {1999}
}
@article{pillai,
  title={Offshore wind farm electrical cable layout optimization},
  author={Pillai, AC and Chick, J and Johanning, L and Khorasanchi, M and de Laleu, V},
  journal={Engineering Optimization},
  volume={47},
  number={12},
  pages={1689--1708},
  year={2015},
  publisher={Taylor \& Francis}
}

