@inproceedings {
	WP16,
	title	=	"{The Maximum Matrix Contraction problem}",
	author	=	" D. Watel and P. Poirion ",
	booktitle	=	"{4th International Symposium on Combinatorial Optimization}",
	year	=	2016,
	month	=	"May",
	pages	=	"1-12",
	address	=	" France",
	note	=	"{Accepté mais pas encore publié}",
}
